<?xml version="1.0" encoding="UTF-8"?><record xmlns="http://www.loc.gov/MARC21/slim" xmlns:cinclude="http://apache.org/cocoon/include/1.0" xmlns:zs="http://www.loc.gov/zing/srw/">
  <leader>00448nz  a2200133n  4500</leader>
  <controlfield tag="001">no 98112185 </controlfield>
  <controlfield tag="003">DLC</controlfield>
  <controlfield tag="005">19981002051904.0</controlfield>
  <controlfield tag="008">981001n| acannaab|          |n aaa     c</controlfield>
  <datafield tag="010" ind1=" " ind2=" ">
    <subfield code="a">no 98112185 </subfield>
  </datafield>
  <datafield tag="035" ind1=" " ind2=" ">
    <subfield code="a">(OCoLC)oca04827778 </subfield>
  </datafield>
  <datafield tag="040" ind1=" " ind2=" ">
    <subfield code="a">FMU</subfield>
    <subfield code="c">FMU</subfield>
  </datafield>
  <datafield tag="100" ind1="1" ind2="0">
    <subfield code="a">Hurtubis, Francis</subfield>
  </datafield>
  <datafield tag="670" ind1=" " ind2=" ">
    <subfield code="a">The equestrian statue of Major General Joseph Hooker, 1903:</subfield>
    <subfield code="b">p. 5 (Francis Hurtubis, Jr., Private Secretary to His Excellency the Governor [of Massachusetts])</subfield>
  </datafield>
</record>